% Encoding: windows-1252

@article{eu_ses_studie,
  title={Der einheitliche europ{\"a}ische Luftraum: Single European Sky},
  author={Langner, Benedikt and Schwenke, Marcus},
  journal={Stand und Ausblick. CEP Studie, Freiburg: Centrum f{\"u}r Europ{\"a}ische Politik},
  year={2011}
}

@article{eu_ses_fab,
    title = {Single European Sky and the functional airspace blocks: Will they improve economic efficiency?},
    journal = {Journal of Air Transport Management},
    volume = {33},
    pages = {73-80},
    year = {2013},
    note = {Papers in Honor of Christina Barbot},
    issn = {0969-6997},
    doi = {https://doi.org/10.1016/j.jairtraman.2013.06.012},
    url = {https://www.sciencedirect.com/science/article/pii/S0969699713000732},
    author = {Kenneth Button and Rui Neiva},
    keywords = {Air traffic control, Single European Sky, Functional airspace blocks},
}

@book {icao_convention,
    title = {Convention on International Civil Aviation -- 9th Edition},
    author = {International Civil Aviation},
    year = {2006},
    note = {Doc 7300},
    url = {https://www.icao.int/publications/pages/doc7300.aspx},
}

@Inbook{regualtory_compliance_business,
    author="Sadiq, Shazia
    and Governatori, Guido",
    editor="vom Brocke, Jan
    and Rosemann, Michael",
    title="Managing Regulatory Compliance in Business Processes",
    bookTitle="Handbook on Business Process Management 2: Strategic Alignment, Governance, People and Culture",
    year="2015",
    publisher="Springer Berlin Heidelberg",
    address="Berlin, Heidelberg",
    pages="265--288",
    abstract="The ever-increasing obligations of regulatory compliance are presenting a new breed of challenges for organizations across several industry sectors. Aligning control objectives that stem from regulations and legislation with business objectives devised for improved business performance is a foremost challenge. The organizational as well as IT structures for the two classes of objectives are often distinct and potentially in conflict. In this chapter, we present an overarching methodology for aligning business and control objectives. The various phases of the methodology are then used as a basis for discussing state-of-the-art in compliance management. Contributions from research and academia as well as industry solutions are discussed. The chapter concludes with a discussion on the role of BPM as a driver for regulatory compliance and a presentation of open questions and challenges.",
    isbn="978-3-642-45103-4",
    doi="10.1007/978-3-642-45103-4_11",
    url="https://doi.org/10.1007/978-3-642-45103-4_11"
}

% % % % % % % % % % % % % % % % % % % % % % % % % % % % % % % % % % % % 
% VOs
% % % % % % % % % % % % % % % % % % % % % % % % % % % % % % % % % % % % 



@article {EUV,
    title={Vertrag über die Europäische Union (konsolidierte Fassung)},
    year={2012},
    month={10},
    journal={Amtsblatt der Europäischen Union},
    volume={C 326},
    pages={13 -- 390},
    url={https://eur-lex.europa.eu/legal-content/DE/TXT/?uri=celex:12012M/TXT}
}

@article {AEUV,
    title={Konsolidierte Fassung des Vertrags über die Arbeitsweise der Europäischen Union (01/03/2020)},
    year={2016},
    month={6},
    journal={Amtsblatt der Europäischen Union},
    volume={C 202},
    pages={47},
    url={https://eur-lex.europa.eu/legal-content/DE/TXT/?uri=CELEX:02016E/TXT-20200301}
}

@article {2013L0037,
    title={Richtlinie 2013/37/EU des Europäischen Parlaments und des Rates vom 26. Juni 2013 zur Änderung der Richtlinie 2003/98/EG über die Weiterverwendung von Informationen des öffentlichen Sektors Text von Bedeutung für den EWR},
    year={2013},
    month={6},
    journal={Amtsblatt der Europäischen Union},
    volume={L 175},
    pages={1 -- 8},
    url={https://eur-lex.europa.eu/legal-content/DE/TXT/?uri=CELEX:32004R0549}
}

@article {2004R0549,
    title={Verordnung (EG) Nr. 549/2004 des Europäischen Parlaments und des Rates vom 10. März 2004 zur Festlegung des Rahmens für die Schaffung eines einheitlichen europäischen Luftraums (,Rahmenverordnung`)},
    year={2004},
    month={3},
    journal={Amtsblatt der Europäischen Union},
    volume={L 96},
    pages={1 -- 9},
    url={https://eur-lex.europa.eu/legal-content/DE/TXT/?uri=CELEX:32004R0549}
}

@misc{2004R0549_summary,
    title = {Rahmen für die Schaffung eines einheitlichen europäischen Luftraums},
    author = {Amt für Veröffentlichungen der Europäischen Union},
    url = {https://eur-lex.europa.eu/legal-content/DE/TXT/HTML/?uri=LEGISSUM:l24020},
    type = {Zusammenfassung Legisum L24020},
}

@article {2004R0550,
    title={Verordnung (EG) Nr. 550/2004 des Europäischen Parlaments und des Rates vom 10. März 2004 über die Erbringung von Flugsicherungsdiensten im einheitlichen europäischen Luftraum (,Flugsicherungs\-dien\-ste-Verordnung`)},
    year={2004},
    month={3},
    journal={Amtsblatt der Europäischen Union},
    volume={L 96},
    pages={10 -- 19},
    url={https://eur-lex.europa.eu/legal-content/DE/TXT/?uri=CELEX:32004R0550}
}

@misc{2004R0550_summary,
    title = {Einheitlicher europäischer Luftraum – EU-Bestimmungen für Flugsicherungsdienste},
    author = {Amt für Veröffentlichungen der Europäischen Union},
    url = {https://eur-lex.europa.eu/legal-content/DE/TXT/HTML/?uri=LEGISSUM:l24034},
    type = {Zusammenfassung Legisum L24034},
}

@article {2004R0551,
    title={Verordnung (EG) Nr. 551/2004 des Europäischen Parlaments und des Rates vom 10. März 2004 über die Ordnung und Nutzung des Luftraums im einheitlichen europäischen Luftraum (,Luft\-raum-Ver\-ord\-nung`)},
    year={2004},
    month={3},
    journal={Amtsblatt der Europäischen Union},
    volume={L 96},
    pages={20 -- 25},
    url={https://eur-lex.europa.eu/legal-content/DE/TXT/?uri=CELEX:32004R0551}
}

@misc{2004R0551_summary,
    title = {Flugverkehrsmanagement: Ordnung und Nutzung des Luftraums im einheitlichen europäischen Luftraum},
    author = {Amt für Veröffentlichungen der Europäischen Union},
    url = {https://eur-lex.europa.eu/legal-content/DE/TXT/HTML/?uri=LEGISSUM:l24046},
    type = {Zusammenfassung Legisum L24046},
}

@article {2004R0552,
    title={Verordnung (EG) Nr. 552/2004 des Europäischen Parlaments und des Rates vom 10. März 2004 über die Interoperabilität des europäischen Flugverkehrsmanagementnetzes (,{}Interoperabilitäts-Verordnung`)},
    year={2004},
    month={3},
    journal={Amtsblatt der Europäischen Union},
    volume={L 96},
    pages={26 -- 42},
    url={https://eur-lex.europa.eu/legal-content/DE/TXT/?uri=CELEX:32004R0552}
}

@misc{2004R0552_summary,
    title = {Interoperabilität des europäischen Flugverkehrsmanagementnetzes},
    author = {Amt für Veröffentlichungen der Europäischen Union},
    url = {https://eur-lex.europa.eu/legal-content/DE/TXT/HTML/?uri=LEGISSUM:l24070},
    type = {Zusammenfassung Legisum L24070},
}

@misc{2018R1139_summary,
    title = {Vorschriften für die Zivilluftfahrt und die Agentur der Europäischen Union für Flugsicherheit},
    author = {Amt für Veröffentlichungen der Europäischen Union},
    url = {https://eur-lex.europa.eu/legal-content/DE/TXT/HTML/?uri=LEGISSUM:4359400},
    type = {Zusammenfassung Legisum 4359400},
}


@article {2023R1769,
    title={Durchführungsverordnung (EU) 2023/1769 der Kommission vom 12. September 2023 zur Festlegung der technischen Anforderungen und Verwaltungsverfahren für die Genehmigung von Organisationen, die an der Entwicklung oder Herstellung von Systemen und Komponenten für Flugverkehrsmanagement und Flugsicherungsdienste beteiligt sind, und zur Änderung der Durchführungsverordnung (EU) 2023/203},
    year={2023},
    month={9},
    journal={Amtsblatt der Europäischen Union},
    volume={L 228},
    pages={19 -- 38},
    url={https://eur-lex.europa.eu/legal-content/DE/TXT/?uri=CELEX:32023R1769}
}

@article {2023R1770,
    title={Durchführungsverordnung (EU) 2023/1770 der Kommission vom 12. September 2023 zur Festlegung von Bestimmungen über die für die Nutzung des einheitlichen europäischen Luftraums erforderliche Luftfahrzeugausrüstung und von Betriebsvorschriften für die Nutzung des einheitlichen europäischen Luftraums sowie zur Aufhebung der Verordnung (EG) Nr. 29/2009 und der Durchführungsverordnungen (EU) Nr. 1206/2011, (EU) Nr. 1207/2011 und (EU) Nr. 1079/2012},
    year={2023},
    month={9},
    journal={Amtsblatt der Europäischen Union},
    volume={L 228},
    pages={39 -- 48},
    url={https://eur-lex.europa.eu/legal-content/DE/TXT/?uri=CELEX:32023R1770}
}


@article {2023R1771,
    title={Durchführungsverordnung (EU) 2023/1771 der Kommission vom 12. September 2023 zur Änderung der Durchführungsverordnung (EU) 2017/373 in Bezug auf Systeme und Komponenten für das Flugverkehrsmanagement und Flugsicherungsdienste sowie zur Aufhebung der Verordnungen (EG) Nr. 1032/2006, (EG) Nr. 633/2007 und (EG) Nr. 262/2009},
    year={2023},
    month={9},
    journal={Amtsblatt der Europäischen Union},
    volume={L 228},
    pages={49 -- 72},
    url={https://eur-lex.europa.eu/legal-content/DE/TXT/?uri=CELEX:32023R1771}
}


@article {2018R1139,
    title={Verordnung (EU) 2018/1139 des Europäischen Parlaments und des Rates vom 4. Juli 2018 zur Festlegung gemeinsamer Vorschriften für die Zivilluftfahrt und zur Errichtung einer Agentur der Europäischen Union für Flugsicherheit sowie zur Änderung der Verordnungen (EG) Nr. 2111/2005, (EG) Nr. 1008/2008, (EU) Nr. 996/2010, (EU) Nr. 376/2014 und der Richtlinien 2014/30/EU und 2014/53/EU des Europäischen Parlaments und des Rates, und zur Aufhebung der Verordnungen (EG) Nr. 552/2004 und (EG) Nr. 216/2008 des Europäischen Parlaments und des Rates und der Verordnung (EWG) Nr. 3922/91 des Rates},
    year={2018},
    month={9},
    journal={Amtsblatt der Europäischen Union},
    volume={L 212},
    pages={1 -- 122},
    url={https://eur-lex.europa.eu/legal-content/DE/TXT/?uri=CELEX:32018R1139}
}

@article {2009R1070,
    title={Verordnung (EG) Nr. 1070/2009 des Europäischen Parlaments und des Rates vom 21. Oktober 2009 zur Änderung der Verordnungen (EG) Nr. 549/2004, (EG) Nr. 550/2004, (EG) Nr. 551/2004 und (EG) 552/2004 im Hinblick auf die Verbesserung der Leistung und Nachhaltigkeit des europäischen Luftverkehrssystems},
    year={2009},
    month={11},
    journal={Amtsblatt der Europäischen Union},
    volume={L 300},
    pages={34 -- 50},
    url={https://eur-lex.europa.eu/legal-content/DE/TXT/?uri=CELEX:32009R1070}
}

@article {2017R0373,
    title={Durchführungsverordnung (EU) 2017/373 der Kommission vom 1. März 2017 zur Festlegung gemeinsamer Anforderungen an Flugverkehrsmanagementanbieter und Anbieter von Flugsicherungsdiensten sowie sonstiger Funktionen des Flugverkehrsmanagementnetzes und die Aufsicht hierüber sowie zur Aufhebung der Verordnung (EG) Nr. 482/2008, der Durchführungsverordnungen (EU) Nr. 1034/2011, (EU) Nr. 1035/2011 und (EU) 2016/1377 und zur Änderung der Verordnung (EU) Nr. 677/2011},
    year={2017},
    month={3},
    journal={Amtsblatt der Europäischen Union},
    volume={L 62},
    pages={1 -- 126},
    url={https://eur-lex.europa.eu/legal-content/DE/TXT/?uri=CELEX:32017R0373}
}

@article {31999D0468,
    title={Beschluß des Rates vom 28. Juni 1999 zur Festlegung der Modalitäten für die Ausübung der der Kommission übertragenen Durchführungsbefugnisse},
    year={1999},
    month={7},
    journal={Amtsblatt der Europäischen Union},
    volume={L 184},
    pages={23 -- 26},
    url={https://eur-lex.europa.eu/legal-content/de/ALL/?uri=CELEX:31999D0468}
}

@article {2005D0105,
    title={Beschluss des Gemeinsamen EWR-Ausschusses Nr. 105/2005 vom 8. Juli 2005 zur Änderung des Anhangs XI (Telekommunikationsdienste) des EWR-Abkommens},
    year={2005},
    month={11},
    journal={Amtsblatt der Europäischen Union},
    volume={L 306},
    pages={41f.},
    url={https://eur-lex.europa.eu/legal-content/DE/TXT/?uri=CELEX:22005D0105}
}

@article {2003L0098,
    title={Richtlinie 2003/98/EG des Europäischen Parlaments und des Rates vom 17. November 2003 über die Weiterverwendung von Informationen des öffentlichen Sektors},
    year={2003},
    month={11},
    journal={Amtsblatt der Europäischen Union},
    volume={L 345},
    pages={90 -- 96},
    url={https://eur-lex.europa.eu/eli/dir/2003/98}
}


@article {2011D0833,
    title={Beschluss der Kommission vom 12. Dezember 2011 über die Weiterverwendung von Kommissionsdokumenten},
    year={2011},
    month={12},
    journal={Amtsblatt der Europäischen Union},
    volume={L 330},
    pages={39 -- 42},
    url={https://eur-lex.europa.eu/legal-content/de/TXT/?uri=CELEX:32011D0833}
}

@article {52017XG1222,
    title={Schlussfolgerungen des Rates vom 6. November 2017 zum European Legislation Identifier},
    year={2017},
    month={12},
    journal={Amtsblatt der Europäischen Union},
    volume={C 441},
    pages={8 -- 12},
    url={https://eur-lex.europa.eu/legal-content/DE/TXT/?uri=CELEX:52017XG1222(02)}
}

@book{kom_01_564,
    author = {Kommission der Europäischen Gemeinschaft},
    title = {Mitteilung der Kommission an den Rat und das 
               Europäische Parlament über die Schaffung eines einheitlichen europäischen Luftraums KOM(2001) 564},
    year = {2001},
    mon = {12},
    url = {https://eur-lex.europa.eu/legal-content/DE/TXT/PDF/?uri=CELEX:52001DC0564}
} 

@article{kom_90_442,
    author = {Kommission der Europäischen Gemeinschaft},
    title = {Vorschlag für eine Richtlinie des Rates zur Harmonisierung der technischen Vorschriften und Verfahren für Zivilluftfahrzeug
            KOM(90) 442},
    year = {1990},
    mon = {10},
    journal={Amtsblatt der Europäischen Union},
    volume={C 270},
    pages={3 -- 8},
    url = {https://eur-lex.europa.eu/legal-content/DE/TXT/PDF/?uri=CELEX:51990PC0442}
} 

@book{kom_01_123,
    author = {Kommission der Europäischen Gemeinschaft},
    title = {Mitteilung der Kommission an den Rat und das Europäische Parlament - Maßnahmenprogramm zur Schaffung eines einheitlichen europäischen Luftraums KOM(2001) 123},
    year = {2001},
    mon = {12},
    url = {https://eur-lex.europa.eu/legal-content/DE/TXT/?uri=CELEX:52001DC0123}
} 

@article{kom_01_564_1,
    author = {Kommission der Europäischen Gemeinschaft},
    title = {Vorschlag für eine Verordnung des Europäischen Parlaments und des Rates 
             über die Erbringung von Flugsicherungsdiensten im einheitlichen europäischen Luft\-raum (2001/0235 (COD))},
    journal = {Mitteilung der Kommission an den Rat und das 
               Europäische Parlament über die Schaffung eines einheitlichen europäischen Luftraums KOM(2001) 564},
    year = {2001},
    mon = {12},
    pages = {13 -- 30},
    url = {https://eur-lex.europa.eu/legal-content/DE/TXT/PDF/?uri=CELEX:52001DC0564}
} 

@book{baf_iop,
    author = {Bundesaufsichtsamt für Flugsicherung},
    title = {Richtlinie Interoperabilität für Flugsicherungsorganisationen und Hersteller},
    year = {2020},
    mon = {6},
    note = {Version 5.1},
    url = {https://www.baf.bund.de/SharedDocs/Downloads/DE/Publikationen_BAFReferate/ST/richtlinie_iop_version5_1.pdf}
}

@article{kom_01_564_2,
    author = {Kommission der Europäischen Gemeinschaft},
    title = {Vorschlag für eine Verordnung des Europäischen Parlaments und des Rates 
             über die Ordnung und Nutzung des Luftraums im einheitlichen europäischen Luft\-raum (2001/0236 (COD))},
    journal = {Mitteilung der Kommission an den Rat und das 
               Europäische Parlament über die Schaffung eines einheitlichen europäischen Luftraums KOM(2001) 564},
    year = {2001},
    mon = {12},
    pages = {31 -- 41},
    url = {https://eur-lex.europa.eu/legal-content/DE/TXT/PDF/?uri=CELEX:52001DC0564}
} 

@article{kom_01_564_3,
    author = {Kommission der Europäischen Gemeinschaft},
    title = {Vorschlag für eine Verordnung des Europäischen Parlaments und des Rates 
             über die Interoperabilität des europäischen Flugverkehrsmanagementnetzes \\ (2001/0237 (COD))},
    journal = {Mitteilung der Kommission an den Rat und das 
               Europäische Parlament über die Schaffung eines einheitlichen europäischen Luftraums KOM(2001) 564},
    year = {2001},
    mon = {12},
    pages = {42 -- 69},
    url = {https://eur-lex.europa.eu/legal-content/DE/TXT/PDF/?uri=CELEX:52001DC0564}
} 



@misc {eu_number_harmony,
    title={Harmonisierung der Nummerierung von EU-Rechtsakten},
    year={2014},
    author={Amt für Veröffentlichungen der Europäischen Union},
    url={https://op.europa.eu/de/publication-detail/-/publication/eee9103e-e773-46dc-9a10-d3dcf2c4b348}
}

@misc {eu_consolidation,
    title={Consolidation methodology},
    year={2022},
    author={Amt für Veröffentlichungen der Europäischen Union},
    url={https://eur-lex.europa.eu/content/intro/collection/Methodology-on-Consolidation.pdf},
    lastvisited={15-02-2024}
}

@misc {eu_op_eli_register,
    title={ELI Register: EU – Amt für Veröffentlichungen (OP)},
    year={2021},
    mon={2021},
    author={Amt für Veröffentlichungen der Europäischen Union},
    url={https://eur-lex.europa.eu/eli-register/eu_publications_office.html}
}

@misc {eu_oj_actbyact,
    title={The Official Journal Act by Act},
    year={2023},
    mon={7},
    author={Amt für Veröffentlichungen der Europäischen Union},
    url={https://op.europa.eu/en/web/cellar/the-official-journal-act-by-act}
}

@article{eu_parl_ses,
    title = {Air transport: Single European Sky},
    author = {Ariane Debyser},
    journal = {Kurzdarstellungen zur Europäischen Union},
    publisher = {Europäisches Parlament},
    year = {2023},
    mon = {10},
    url = {https://www.europarl.europa.eu/factsheets/en/sheet/133/air-transport-single-european-sky}
}

% % % % % % % % % % % % % % % % % % % % % % % % % % % % % % % % % % % % % % % % 
%                               (2) DFS SHIT
% % % % % % % % % % % % % % % % % % % % % % % % % % % % % % % % % % % % % % % % 


@manual {ba_technik,
    title={Betriebsanweisung-Technik},
    year={2022},
    edition={11.0},
    author={DFS Deutsche Flugischerung (TO/MV)},
    note={(nicht öffentlich zugänglich)}
}

@manual {fa_freigaben,
    title={Fachliche Anweisung Freigaben},
    year={2023},
    edition={TO-08/2023},
    author={DFS Deutsche Flugischerung (TO/MV)},
    note={(nicht öffentlich zugänglich)}
}

@book{luftvg,
    author = {Bundesministerium für Justiz},
    title = {Luftverkehrsgesetz (LuftVG)},
    url = {https://www.gesetze-im-internet.de/luftvg}
}

% % % % % % % % % % % % % % % % % % % % % % % % % % % % % % % % % % % % % % % % 
%                               () IMPACT ANALYSIS
% % % % % % % % % % % % % % % % % % % % % % % % % % % % % % % % % % % % % % % % 

@booklet{app_gartner,
    title={Magic Quadrants for Enterprise Governance, Risk and Compliance Platforms},
    author={French Caldwell},
    publisher={Gartner RAS Core Research},
    year={2010},
    mon={10},
    url={https://public.dhe.ibm.com/software/data/sw-library/cognos/pdfs/analystreports/ar_magic_quadrant_for_enterprise_governance_risk_and_compliance_platforms.pdf}
}

@article{app_meta,
    title = {Change impact analysis for requirements: A metamodeling approach},
    journal = {Information and Software Technology},
    volume = {56},
    number = {8},
    pages = {950-972},
    year = {2014},
    issn = {0950-5849},
    doi = {https://doi.org/10.1016/j.infsof.2014.03.002},
    url = {https://www.sciencedirect.com/science/article/pii/S0950584914000615},
    author = {Arda Goknil and Ivan Kurtev and Klaas {van den Berg} and Wietze Spijkerman},
    keywords = {Requirements metamodel, Change impact analysis, Proposing and propagating changes},
}

@inproceedings{app_bohner,
  author={Arnold, R.S. and Bohner, S.A.},
  booktitle={1993 Conference on Software Maintenance}, 
  title={Impact analysis-Towards a framework for comparison}, 
  year={1993},
  pages={292-301},
  keywords={Terminology;Software tools;Software engineering;Software systems;Inspection},
  doi={10.1109/ICSM.1993.366933}}

@article{fin_rule_based_comp_construction,
    title = {A rule-based semantic approach for automated regulatory compliance in the construction sector},
    journal = {Expert Systems with Applications},
    volume = {42},
    number = {12},
    pages = {5219-5231},
    year = {2015},
    issn = {0957-4174},
    doi = {https://doi.org/10.1016/j.eswa.2015.02.029},
    url = {https://www.sciencedirect.com/science/article/pii/S0957417415001360},
    author = {T.H. Beach and Y. Rezgui and H. Li and T. Kasim},
    keywords = {Compliance checking, Regulations, Rule engine, Construction industry, Regulatory compliance, Semantics of regulations, Semantics of Regulatory Compliance},
}

@INPROCEEDINGS{6345813,
  author={Tawhid, Rasha 
          and Braun, Edna 
          and Cartwright, Nick 
          and Alhaj, Mohammad 
          and Mussbacher, Gunter 
          and Shamsaei, Azalia
          and Amyot, Daniel
          and Behnam, Saeed Ahmadi
          and Richards, Greg},
  booktitle={2012 20th IEEE International Requirements Engineering Conference (RE)}, 
  title={Towards outcome-based regulatory compliance in aviation security}, 
  year={2012},
  volume={},
  number={},
  pages={267-272},
  doi={10.1109/RE.2012.6345813}
}


% % % % % % % % % % % % % % % % % % % % % % % % % % % % % % % % % % % % % % % % 
%                               (3) EU SHIT EURLEX CELLAR
% % % % % % % % % % % % % % % % % % % % % % % % % % % % % % % % % % % % % % % % 

@book{eu_cellar,
    author = {Publications Office of the European Union},
    title = {Cellar – The semantic repository of the Publications Office},
    publisher = {Publications Office},
    year = {2018},
    doi = {doi/10.2830/064688},
    isbn = {978-92-78-41542-6}
}

@misc{eu_celex,
    author = {},
    title = {How CELEX numbers are composed},
    publisher = {Publications Office},
    year = {2021},
    mon = {1},
    url = {https://eur-lex.europa.eu/content/tools/HowCelexNumbersAreComposed.pdf}
}

@misc{eu_openlaws,
  author = {Wass, Clemens 
        and Sageder, Christian 
        and Winkels, Radboud 
        and van Eechoud, Mireille 
        and Marsden, Chris 
        and Guadamuz, Andres 
        and Dini, Paolo 
        and van der Graaf, Shenja 
        and Passani, Antonella 
        and Heistracher, Thomas 
        and Hirsch, Eduard 
        and Marcon, Giulio 
        and Zanolio, Matteo},
  title = {{openlaws.eu: BOLD Vision 2020 - Designing a Vision 
        for the Future of Big Open Legal Data}},
  month = sep,
  year = 2016,
  publisher = {Zenodo},
  doi = {10.5281/zenodo.158999},
  url = {https://doi.org/10.5281/zenodo.158999}
}

@inproceedings{eu_open_legal_info,
    author = {Ostendorff, Malte and Blume, Till and Ostendorff, Saskia},
    title = {Towards an Open Platform for Legal Information},
    year = {2020},
    isbn = {9781450375856},
    publisher = {Association for Computing Machinery},
    address = {New York, NY, USA},
    url = {https://doi.org/10.1145/3383583.3398616},
    doi = {10.1145/3383583.3398616},
    pages = {385–388},
    numpages = {4},
    keywords = {legal data, legal information system, open data, open source},
    location = {Virtual Event, China},
    series = {JCDL '20}
}

@misc{eu_uri_rfc1630,
    series =    {Request for Comments},
    number =    1630,
    howpublished =  {RFC 1630},
    publisher = {RFC Editor},
    doi =       {10.17487/RFC1630},
    url =       {https://www.rfc-editor.org/info/rfc1630},
    author =    {Tim Berners-Lee},
    title =     {{Universal Resource Identifiers in WWW: A Unifying Syntax for the Expression of Names and Addresses of Objects on the Network as used in the World-Wide Web}},
    pagetotal = 28,
    year =      1994,
    month =     jun,
    abstract =  {This document defines the syntax used by the World-Wide Web initiative to encode the names and addresses of objects on the Internet. This memo provides information for the Internet community. This memo does not specify an Internet standard of any kind.},
}

@misc{eu_rdf_w3c,
    series =    {W3C Recommendation},
    publisher = {W3C},
    url =       {https://www.w3.org/TR/1999/REC-rdf-syntax},
    author =    {Ora Lassila and Ralph R. Swick},
    title =     {{Resource Description Framework (RDF) Model and Syntax Specification}},
    year =      {1999},
    month =     {2},
}

@misc{eu_rdf_concepts,
    series =    {W3C Recommendation},
    publisher = {W3C},
    url =       {https://www.w3.org/TR/rdf11-concepts/},
    author =    {Richard Cyganiak and David Wood and Markus Lanthaler},
    title =     {RDF 1.1 Concepts and Abstract Syntax},
    year =      {2014},
    month =     {2},
}

@misc{eu_uuid_rfc4122,
    series =    {Request for Comments},
    number =    4122,
    howpublished =  {RFC 4122},
    publisher = {RFC Editor},
    doi =       {10.17487/RFC4122},
    url =       {https://www.rfc-editor.org/info/rfc4122},
    author =    {Paul J. Leach and Rich Salz and Michael H. Mealling},
    title =     {{A Universally Unique IDentifier (UUID) URN Namespace}},
    pagetotal = 32,
    year =      2005,
    month =     jul,
    abstract =  {This specification defines a Uniform Resource Name namespace for UUIDs (Universally Unique IDentifier), also known as GUIDs (Globally Unique IDentifier). A UUID is 128 bits long, and can guarantee uniqueness across space and time. UUIDs were originally used in the Apollo Network Computing System and later in the Open Software Foundation\textbackslash{}'s (OSF) Distributed Computing Environment (DCE), and then in Microsoft Windows platforms. This specification is derived from the DCE specification with the kind permission of the OSF (now known as The Open Group). Information from earlier versions of the DCE specification have been incorporated into this document. {[}STANDARDS-TRACK{]}},
}


@book{eu_frbr,
    title = {Funktionelle Anforderungen an bibliografische Datensätze},
    author = {IFLA Study Group on the Functional Requirements for Bibliographic Records},
    publisher = {Arbeitsstelle für Standardisierung},
    urn = {urn:nbn:de:1111-20040721195},
    isbn = {978-3-933641-76-2},
    year = {2006}
}

@misc{eu_fmx4_intro,
    title = {Formex Version 4: Prelimenary remarks},
    author = {The Publications Office of the European Union},
    year = {2004},
    mon = {5},
    location = {Luxembourg},
    url = {https://op.europa.eu/en/web/eu-vocabularies/formex/introduction},
    url_date = {06.02.2024},
}

@misc{eu_fmx4_proc,
    title = {Formex Version 4: Formalized Exchange of Electronic Documents (Physical specifications)},
    author = {The Publications Office of the European Union},
    year = {2023},
    mon = {10},
    location = {Luxembourg},
    note = {Version 6.02.1},
    url = {https://op.europa.eu/documents/3938058/5896514/physical-specifications/},
}

@book{eu_icao_milde,
  title={International Air Law and ICAO},
  author={Milde, M.},
  isbn={9789077596548},
  lccn={2008447715},
  series={Essential air and space law},
  year={2008},
  publisher={Eleven International Publishing}
}


% % % % % % % % % % % % % % % % % % % % % % % % % % % % % % % % % % % % % % % % 
%                               (4) EASA
% % % % % % % % % % % % % % % % % % % % % % % % % % % % % % % % % % % % % % % % 

@book{easa_coman2018,
  title={European Union Agencies as Global Actors: A Legal Study of the European Aviation Safety Agency, Frontex and Europol},
  author={Coman-Kund, F.},
  isbn={9781351136846},
  series={Routledge Research in EU Law},
  year={2018},
  publisher={Taylor \& Francis}
}


@misc{easa_xml_publication,
    title = {Easy Access Rules in machine-readable format (XML) - how to use it},
    author = {European Union Aviation Safety Agency (EASA)},
    url = {https://www.easa.europa.eu/en/newsroom-and-events/events/easy-access-rules-machine-readable-format-xml-how-use-it},
}

@misc{easa_xml_export,
    title = {Easy Access Rules XML export},
    author = {European Union Aviation Safety Agency (EASA)},
    url = {https://www.easa.europa.eu/en/easy-access-rules-xml-export},
}

@article{easa_softlaw,
  author = {Kovacs, Andras 
        and Toth, Tihamer 
        and Forgacs, Anna},
  title = {Effects of European Soft Law at National Administrative Courts},
  month = {1},
  year = {2017},
  publisher = {Zenodo},
  doi = {10.5281/zenodo.158999},
  url = {https://ssrn.com/abstract=3228612}
}

@book{easa_framework,
    author = {Galván, Ricardo Génova},
    title = {EASA Regulatory Framework History of Foundation},
    year = {2020},
    mon = {7},
    url = {https://avia.gov.ua/wp-content/uploads/2021/03/EASA-Regulatory-Framework_text.pdf}
}

@article{easa_administrative_innovation,
    title={Inspecting Aviation Safety in the EU: EASA as an Administrative Innovation?},
    author={Schout, Adriaan},
    journal={European Risk Governance},
    pages={257},
    year={2008},
    publisher={Connex Mannheim},
    url={https://www.mzes.uni-mannheim.de/projekte/typo3/site/fileadmin/BookSeries/Volume_Six/NEU%20Chapter%208%20Schout.pdf}
}

@misc{easa_opc_iso,
  title = {{ISO/IEC 29500-2:2021(E) - Document description and processing languages — Office Open XML file formats — Part 2: Open packaging conventions}},
  author = {{International Organization for Standardization (ISO) and International Electrotechnical Commission (IEC)}},
  year = {2021},
  howpublished = {Fourth edition},
  month = {8},
  note = {Reference number: ISO/IEC 29500-2},
}

@misc {easa_xml_schema,
    title = {Schema documentation for EASA-XMLSchema-Extended-2022-06-11.xsd},
    author = {European Union Aviation Safety Agency (EASA)},
    year = {2022},
    mon = {6},
    url = {https://www.easa.europa.eu/en/downloads/136695/en}
}

@misc{easa_xml_doc,
    title={Easy Access Rules XML Export Documentation},
    author={European Union Aviation Safety Agency (EASA)},
    year={2022},
    month={6},
    url={https://www.easa.europa.eu/en/downloads/136656/en}
}

,  (January 30, 2017). Loyola University Chicago International Law Review, Vol. 14, No. 1, 2016, Available at SSRN: https://ssrn.com/abstract=3228612

@Comment{jabref-meta: databaseType:bibtex;}
